<?xml version="1.0" encoding="UTF-8"?><collection xmlns="http://www.loc.gov/MARC21/slim"><record><leader>00433nam--2200133-i-4500</leader><controlfield tag="001">000002175</controlfield><controlfield tag="002">20161230</controlfield><controlfield tag="005">20161230201024</controlfield><controlfield tag="008">060222s1000------------r-----000-0-eng-d</controlfield><datafield ind1=" " ind2=" " tag="100"><subfield code="a">Morariu, V. V</subfield></datafield><datafield ind1=" " ind2=" " tag="260"><subfield code="a">First Romanian Conference On The Application Of Physics Methods In Archeology. Cluj-napoca, 5-6 November 1987</subfield></datafield><datafield ind1=" " ind2=" " tag="490"><subfield code="a">Bucharest, Central Institut Of Physics, 1988. 164 P</subfield></datafield><datafield ind1=" " ind2=" " tag="700"><subfield code="a">Frangopol, P. T</subfield></datafield><datafield ind1=" " ind2=" " tag="852"><subfield code="a">53:9(061.3)</subfield></datafield></record></collection>